
@book{electronics_handbook,
  author = {Горобець, Б.С. and Янко, А.Ф.},
  title = {Електронні прилади та схеми},
  publisher = {Техніка},
  year = {2019},
  address = {Київ},
  pages = {456}
}


@book{metodychni_vkazivky,
  author = {Атаманчук, Л.І. and Антоненко, П.А. and Вязова, І.В.},
  title = {Методичні вказівки до оформлення текстових документів курсових та дипломних проектів і робіт для студентів III-IV курсів спеціальностей кафедри автоматизації виробничих процесів},
  publisher = {УДХТУ},
  year = {2003},
  address = {Дніпропетровськ},
  pages = {24}
}

@book{kolontaevsky_electronics,
  author = {Колонтаєвський, Ю.П. and Сосков, А.Г.},
  title = {Промислова електроніка та мікросхемотехніка: Теорія і практикум},
  publisher = {Каравела},
  year = {2003},
  address = {Київ},
  pages = {368}
}


@book{boyko_electronics,
  author = {Бойко, В.І. and Гуржій, А.М. and Жуйков, В.Я.},
  title = {Основи схемотехніки електронних систем: Підручник},
  publisher = {Вища шк.},
  year = {2004},
  address = {Київ},
  pages = {527}
}